<?xml version="1.0" encoding="UTF-8"?><collection xmlns="http://www.loc.gov/MARC21/slim"><record><leader>00481nam--2200181-u-4500</leader><controlfield tag="001">000056117</controlfield><controlfield tag="002">20161230</controlfield><controlfield tag="005">20161230201052</controlfield><controlfield tag="008">141210s1000------------r-----000-0-eng-d</controlfield><datafield ind1=" " ind2=" " tag="040"><subfield code="a">IFIN-HH</subfield></datafield><datafield ind1=" " ind2=" " tag="080"><subfield code="a">523.164</subfield></datafield><datafield ind1="1" ind2=" " tag="100"><subfield code="a">Pawsey, J.L</subfield></datafield><datafield ind1="1" ind2="0" tag="245"><subfield code="a">Radio astronomy</subfield><subfield code="c">J.k. pawsey, r.n. bracewell</subfield></datafield><datafield ind1=" " ind2=" " tag="260"><subfield code="a">Oxford</subfield><subfield code="b">At The Clarenson Press</subfield><subfield code="c">1955</subfield></datafield><datafield ind1=" " ind2=" " tag="300"><subfield code="a">X+361P</subfield></datafield><datafield ind1=" " ind2=" " tag="490"><subfield code="a">International Monographs On Radio</subfield></datafield><datafield ind1=" " ind2=" " tag="852"><subfield code="a">11982</subfield><subfield code="c">523.164</subfield></datafield><datafield ind1=" " ind2=" " tag="CAT"><subfield code="a">Sys</subfield><subfield code="c">20141210</subfield><subfield code="h">171101</subfield></datafield></record></collection>